@Misc{scipy,
  author =    {Eric Jones and Travis Oliphant and Pearu Peterson and others},
  title =     {{SciPy}: Open source scientific tools for {Python}},
  year =      {2001--},
  url = "http://www.scipy.org/"
}

@article{hunter2007matplotlib,
  title={Matplotlib: A 2D graphics environment},
  author={Hunter, John D},
  journal={Computing in science \& engineering},
  volume={9},
  number={3},
  pages={90},
  year={2007},
  publisher={IEEE Computer Society}
}

@inproceedings{xgboost,
  title={Xgboost: A scalable tree boosting system},
  author={Chen, Tianqi and Guestrin, Carlos},
  booktitle={Proceedings of the 22nd acm sigkdd international conference on knowledge discovery and data mining},
  pages={785--794},
  year={2016},
  organization={ACM}
}

@article{mayor1995jupiter,
  title={A Jupiter-mass companion to a solar-type star},
  author={Mayor, Michel and Queloz, Didier},
  journal={Nature},
  volume={378},
  number={6555},
  pages={355},
  year={1995},
  publisher={Nature Publishing Group}
}

@article{oliphant2007python,
  title={Python for scientific computing},
  author={Oliphant, Travis E},
  journal={Computing in Science \& Engineering},
  volume={9},
  number={3},
  pages={10--20},
  year={2007},
  publisher={IEEE}
}

@article{robitaille2013astropy,
  title={Astropy: A community Python package for astronomy},
  author={Robitaille, Thomas P and Tollerud, Erik J and Greenfield, Perry and Droettboom, Michael and Bray, Erik and Aldcroft, Tom and Davis, Matt and Ginsburg, Adam and Price-Whelan, Adrian M and Kerzendorf, Wolfgang E and others},
  journal={Astronomy \& Astrophysics},
  volume={558},
  pages={A33},
  year={2013},
  publisher={EDP Sciences}
}

@article{akeson2013nasa,
  title={The NASA exoplanet archive: data and tools for exoplanet research},
  author={Akeson, RL and Chen, X and Ciardi, D and Crane, M and Good, J and Harbut, M and Jackson, E and Kane, SR and Laity, AC and Leifer, S and others},
  journal={Publications of the Astronomical Society of the Pacific},
  volume={125},
  number={930},
  pages={989},
  year={2013},
  publisher={IOP Publishing}
}

@inproceedings{ge2008multi,
  title={The Multi-object APO Radial-Velocity Exoplanet Large-area Survey (MARVELS)},
  author={Ge, Jian and Mahadevan, Suvrath and Lee, Brian and Wan, Xiaoke and Zhao, Bo and van Eyken, Julian and Kane, Stephen and Guo, Pengcheng and Ford, Eric and Fleming, Scott and others},
  booktitle={Extreme Solar Systems},
  volume={398},
  pages={449},
  year={2008}
}

@article{pepe2002harps,
  title={HARPS: ESO's coming planet searcher. Chasing exoplanets with the La Silla 3.6-m telescope},
  author={Pepe, F and Mayor, M and Rupprecht, G and Avila, G and Ballester, P and Beckers, J-L and Benz, W and Bertaux, J-L and Bouchy, F and Buzzoni, B and others},
  journal={The Messenger},
  volume={110},
  pages={9--14},
  year={2002}
}

@article{vanderplas2018understanding,
  title={Understanding the lomb--scargle periodogram},
  author={VanderPlas, Jacob T},
  journal={The Astrophysical Journal Supplement Series},
  volume={236},
  number={1},
  pages={16},
  year={2018},
  publisher={IOP Publishing}
}

@article{wright2017radial,
  title={Radial Velocities as an Exoplanet Discovery Method},
  author={Wright, Jason T},
  journal={Handbook of Exoplanets},
  pages={1--13},
  year={2017},
  publisher={Springer}
}

@article{astropy:2013,
Adsnote = {Provided by the SAO/NASA Astrophysics Data System},
Adsurl = {http://adsabs.harvard.edu/abs/2013A%26A...558A..33A},
Archiveprefix = {arXiv},
Author = {{Astropy Collaboration} and {Robitaille}, T.~P. and {Tollerud}, E.~J. and {Greenfield}, P. and {Droettboom}, M. and {Bray}, E. and {Aldcroft}, T. and {Davis}, M. and {Ginsburg}, A. and {Price-Whelan}, A.~M. and {Kerzendorf}, W.~E. and {Conley}, A. and {Crighton}, N. and {Barbary}, K. and {Muna}, D. and {Ferguson}, H. and {Grollier}, F. and {Parikh}, M.~M. and {Nair}, P.~H. and {Unther}, H.~M. and {Deil}, C. and {Woillez}, J. and {Conseil}, S. and {Kramer}, R. and {Turner}, J.~E.~H. and {Singer}, L. and {Fox}, R. and {Weaver}, B.~A. and {Zabalza}, V. and {Edwards}, Z.~I. and {Azalee Bostroem}, K. and {Burke}, D.~J. and {Casey}, A.~R. and {Crawford}, S.~M. and {Dencheva}, N. and {Ely}, J. and {Jenness}, T. and {Labrie}, K. and {Lim}, P.~L. and {Pierfederici}, F. and {Pontzen}, A. and {Ptak}, A. and {Refsdal}, B. and {Servillat}, M. and {Streicher}, O.},
Doi = {10.1051/0004-6361/201322068},
Eid = {A33},
Eprint = {1307.6212},
Journal = {\aap},
Keywords = {methods: data analysis, methods: miscellaneous, virtual observatory tools},
Month = oct,
Pages = {A33},
Primaryclass = {astro-ph.IM},
Title = {{Astropy: A community Python package for astronomy}},
Volume = 558,
Year = 2013,
Bdsk-Url-1 = {https://dx.doi.org/10.1051/0004-6361/201322068}}

@article{shallue2018identifying,
  title={Identifying exoplanets with deep learning: A five-planet resonant chain around kepler-80 and an eighth planet around kepler-90},
  author={Shallue, Christopher J and Vanderburg, Andrew},
  journal={The Astronomical Journal},
  volume={155},
  number={2},
  pages={94},
  year={2018},
  publisher={IOP Publishing}
}

@article{beauge2007planetary,
  title={Planetary masses and orbital parameters from radial velocity measurements},
  author={Beaug{\'e}, Christian and Ferraz-Mello, Sylvio and Michtchenko, Tatiana A},
  journal={Extrasolar Planets, S},
  volume={2},
  year={2007},
  publisher={Wiley Online Library}
}

@Techreport{python, 
title= {Python tutorial}, 
author = {G. van Rossum}, 
number={CS-R9526}, 
institution= {Centrum voor Wiskunde en Informatica (CWI)}, year= {1995}, 
address={Amsterdam}, month={May} }

@Misc{xgboostxplained,
author= {Ilan Reinstein},
title={XGBoost, a Top Machine Learning Method on Kaggle, Explained},
year={2017},
url= {"https://www.kdnuggets.com/2017/10/xgboost-top-machine-learning-method-kaggle-explained.html"}
}

@misc{pearson2019search,
    title={A search for multi-planet systems with TESS using a Bayesian N-body retrieval and machine learning},
    author={Kyle A. Pearson},
    year={2019},
    eprint={1907.03377},
    archivePrefix={arXiv},
    primaryClass={astro-ph.EP}
}
